<?xml version="1.0" encoding="UTF-8"?><collection xmlns="http://www.loc.gov/MARC21/slim"><record><leader>00429nam--2200169-i-4500</leader><controlfield tag="001">000016082</controlfield><controlfield tag="002">20161230</controlfield><controlfield tag="005">20170113012835</controlfield><controlfield tag="008">060222s1000------------r-----000-0-eng-d</controlfield><datafield ind1=" " ind2=" " tag="080"><subfield code="a">547</subfield></datafield><datafield ind1=" " ind2=" " tag="100"><subfield code="a">Beral, Edith</subfield></datafield><datafield ind1=" " ind2=" " tag="245"><subfield code="a">Chimie organica. Editia a patra revazuta si completata</subfield></datafield><datafield ind1=" " ind2=" " tag="260"><subfield code="a">Bucuresti</subfield><subfield code="b">Editura Tehnica</subfield><subfield code="c">1969</subfield></datafield><datafield ind1=" " ind2=" " tag="300"><subfield code="a">729 p</subfield></datafield><datafield ind1=" " ind2=" " tag="700"><subfield code="a">Zapan, Mihai</subfield></datafield><datafield ind1=" " ind2=" " tag="852"><subfield code="a">31323</subfield></datafield><datafield ind1=" " ind2=" " tag="CAT"><subfield code="a">SYS</subfield><subfield code="c">20170113</subfield><subfield code="h">012835</subfield></datafield></record></collection>